@inproceedings{markovic2001analysis,
  title={Analysis and design of low-energy flip-flops},
  author={Markovic, Dejan and Nikolic, Borivoje and Brodersen, Robert},
  booktitle={Proceedings of the 2001 international symposium on Low power electronics and design},
  pages={52--55},
  year={2001}
}

@article{bera2012opto,
  title={An opto-isolator based linearization technique of a typical thyristor driven pump},
  author={Bera, SC and Sarkar, R and Mandal, N},
  journal={ISA transactions},
  volume={51},
  number={1},
  pages={220--228},
  year={2012},
  publisher={Elsevier}
}