@article{routimo2007comparison,
  title={Comparison of voltage-source and current-source shunt active power filters},
  author={Routimo, Mikko and Salo, Mika and Tuusa, Heikki},
  journal={IEEE Transactions on Power Electronics},
  volume={22},
  number={2},
  pages={636--643},
  year={2007},
  publisher={IEEE}
}