
@online{texas_instruments_cd4541_nodate,
	title = {{CD}4541 pdf, {CD}4541 Description, {CD}4541 Datasheet, {CD}4541 view ::: {ALLDATASHEET} :::},
	url = {https://pdf1.alldatasheet.com/datasheet-pdf/view/26918/TI/CD4541.html},
	author = {{Texas Instruments}},
	urldate = {2022-05-25},
	file = {CD4541 pdf, CD4541 Description, CD4541 Datasheet, CD4541 view \:\:\: ALLDATASHEET \:\:\::/home/felipe/Zotero/storage/66VKLT32/CD4541.html:text/html},
}

@online{motorola_moc3011_nodate,
	title = {{MOC}3011 pdf, {MOC}3011 Description, {MOC}3011 Datasheet, {MOC}3011 view ::: {ALLDATASHEET} :::},
	url = {https://pdf1.alldatasheet.com/datasheet-pdf/view/5038/MOTOROLA/MOC3011.html},
	author = {{Motorola}},
	urldate = {2022-05-25},
	file = {MOC3011 pdf, MOC3011 Description, MOC3011 Datasheet, MOC3011 view \:\:\: ALLDATASHEET \:\:\::/home/felipe/Zotero/storage/PR4A2NZP/MOC3011.html:text/html},
}

@online{central_semiconductor_corp_2n6073_nodate,
	title = {2N6073 pdf, 2N6073 Description, 2N6073 Datasheet, 2N6073 view ::: {ALLDATASHEET} :::},
	url = {https://pdf1.alldatasheet.com/datasheet-pdf/view/124689/CENTRAL/2N6073.html},
	author = {{Central Semiconductor Corp}},
	urldate = {2022-05-25},
	file = {2N6073 pdf, 2N6073 Description, 2N6073 Datasheet, 2N6073 view \:\:\: ALLDATASHEET \:\:\::/home/felipe/Zotero/storage/4GNFRDNK/2N6073.html:text/html},
}