@misc{texas_instruments_lm555_2015,
	title = {{LM}555 Timer},
	url = {https://www.ti.com/lit/gpn/lm555},
	publisher = {Texas Instruments},
	author = {{Texas Instruments}},
	urldate = {2022-05-24},
	date = {2015-01},
}

@online{alldatasheet_srd-05vdc-sl-c_nodate,
	title = {{SRD}-05VDC-{SL}-C pdf, {SRD}-05VDC-{SL}-C Description, {SRD}-05VDC-{SL}-C Datasheet, {SRD}-05VDC-{SL}-C view ::: {ALLDATASHEET} :::},
	url = {https://pdf1.alldatasheet.com/datasheet-pdf/view/1132639/SONGLERELAY/SRD-05VDC-SL-C.html},
	author = {{AllDataSheet}},
	urldate = {2022-05-25},
	file = {SRD-05VDC-SL-C pdf, SRD-05VDC-SL-C Description, SRD-05VDC-SL-C Datasheet, SRD-05VDC-SL-C view \:\:\: ALLDATASHEET \:\:\::/home/felipe/Zotero/storage/UVK84IA6/SRD-05VDC-SL-C.html:text/html},
}

@online{stmicroelectronics_bd135_nodate,
	title = {{BD}135 pdf, {BD}135 Description, {BD}135 Datasheet, {BD}135 view ::: {ALLDATASHEET} :::},
	url = {https://pdf1.alldatasheet.com/datasheet-pdf/view/555622/STMICROELECTRONICS/BD135.html},
	author = {{STMicroelectronics}},
	urldate = {2022-05-25},
	file = {BD135 pdf, BD135 Description, BD135 Datasheet, BD135 view \:\:\: ALLDATASHEET \:\:\::/home/felipe/Zotero/storage/T3MPVXJ3/BD135.html:text/html},
}

